<?xml version="1.0" encoding="UTF-8"?><collection xmlns="http://www.loc.gov/MARC21/slim"><record><leader>00298nam--2200133-i-4500</leader><controlfield tag="001">000049220</controlfield><controlfield tag="002">20161230</controlfield><controlfield tag="005">20161230201047</controlfield><controlfield tag="008">060222s1000------------r-----000-0-eng-d</controlfield><datafield ind1=" " ind2=" " tag="080"><subfield code="a">519.682.8</subfield></datafield><datafield ind1=" " ind2=" " tag="245"><subfield code="a">Algoritmy i avtomaty</subfield></datafield><datafield ind1=" " ind2=" " tag="260"><subfield code="a">Kazan, 1978. 111 S</subfield></datafield><datafield ind1=" " ind2=" " tag="700"><subfield code="a">M.M.Arslanov</subfield></datafield><datafield ind1=" " ind2=" " tag="852"><subfield code="a">48030</subfield></datafield></record></collection>